### SPRING WG documents:

### Other documents
@INPROCEEDINGS{onehopsourcerouting,
	title={Improving the Reliability of Internet Paths with One-hop Source Routing.},
	author={Gummadi, P Krishna and Madhyastha, Harsha V and Gribble, Steven D and Levy, Henry M and Wetherall, David and others},
	booktitle={OSDI},
	volume={4},
	pages={13--13},
	year={2004}
}
@ARTICLE{awerbuchdynamic,
	title={{Dynamic Source Routing (DSR) Protocol}},
	author={Awerbuch, Baruch and Mishra, Amitabh and Hopkins, Johns},
	journal={Johns Hopkins University, US},
	note = {\url{http://www.cs.jhu.edu/~cs647/dsr.pdf}; last accessed on 2016/12/20}
}
@inproceedings{jiang2004secure,
	title={Secure dynamic source routing protocol},
	author={Jiang, Tingyao and Li, Qinghua and Ruan, Youlin},
	booktitle={Computer and Information Technology, 2004. CIT'04. The Fourth International Conference},
	pages={528--533},
	year={2004},
	organization={IEEE}
}
@article{xiao2000traffic,
	title={{Traffic Engineering with MPLS in the Internet}},
	author={Xiao, Xipeng and Hannan, Alan and Bailey, Brook and Ni, Lionel M},
	journal={IEEE network},
	volume={14},
	number={2},
	pages={28--33},
	year={2000},
	publisher={IEEE}
}
@book{peterson2007computer,
	title={Computer networks: a systems approach},
	author={Peterson, Larry L and Davie, Bruce S},
	year={2007},
	publisher={Elsevier}
}
@MISC{pgpAttachements, 
	title={{What are PGP/MIME and PGP/Inline?}},
	author={{Protonmail}},
	note={\url{https://protonmail.com/support/knowledge-base/pgp-mime-pgp-inline/}; last accessed on 2019/02/13}
}
@MISC{pgpWiki, 
	title={{Pretty Good Privacy}},
	author={{Wikipedia}},
	note={\url{https://en.wikipedia.org/wiki/Pretty_Good_Privacy/}; last accessed on 2019/02/13}
}
@MISC{pgpTech, 
	title={{What is PGP encryption and how does it work?}},
	author={{Josh Lake}},
	note={\url{https://en.wikipedia.org/wiki/Pretty_Good_Privacy/}; last accessed on 2019/02/13}
}
@MISC{secureEmail, 
	title={{The Daunting Challenge of Secure E-mail}},
	author={{Matthew Green}},
	note={\url{https://www.newyorker.com/tech/annals-of-technology/the-daunting-challenge-of-secure-e-mail}; last accessed on 2019/02/13}
}
@MISC{pEp, 
	title={{Pretty Easy Privacy}},
	author={{pEp Security}},
	note={\url{https://www.pep.security/}; last accessed on 2019/02/13}
}
@MISC{packet-pushers-1, 
	title={{Yet Another Blog About Segment Routing - Part 1}},
	author={Diptanshu Singh},
	year={2015}, 
	note={\url{http://packetpushers.net/yet-another-blog-about-segment-routing-part-1}; last accessed on 2016/12/18}

}
@article{PKCS-7, 
	title={Cryptographic Message Syntax Standard},
	author={RSA Laboratories},
	year={1993}, 
	note={\url{https://ipsec.pl/files/ipsec/Archiwum/pkcs-7.pdf}}
}
@article{SEmailETU, 
	title={How to Make Secure Email Easier To Use},
	author={Simson L. Garfinkel, David Margrave, Jeffrey I. Schiller, Erik Nordlander, Robert C. Miller},
	year={2005}, 
	note={\url{https://simson.net/ref/2004/chi2005_smime_submitted.pdf}}
}
@article{usable-secure-email, 
	title={Usable Secure Email Communications - Criteria and Evaluation of Existing Approaches},
	author={C.T. Moecke, M. Volkamer},
	year={2012}, 
}
@article{secure-email, 
	title={Securing Email},
	author={Jeremy Clark, P.C. van Oorschot, Scott Ruoti, Kent Seamons, Daniel Zappala},
	year={2018}, 
}
@article{confidente, 
	title={Confidante: Usable Encrypted Email A Case Study With Lawyers and Journalists},
	author={Ada Lerner, Eric Zeng, Franziska Roesner},
	year={2017}, 
}
@article{comparativestudy, 
	title={A Comparative Usability Study of Key Management in Secure Email},
	author={Scott Ruoti, Jeff Andersen, Tyler Monson, Daniel Zappala, Kent Seamons},
	year={2018}, 
}